
@inproceedings{
  RoutingGames,
  author = {Levin, Hagay and Schapira, Michael and Zohar, Aviv},
  title = {Interdomain Routing and Games},
  booktitle = {Proceedings of the Fortieth Annual ACM Symposium on Theory of Computing},
  series = {STOC '08},
  year = {2008},
  isbn = {978-1-60558-047-0},
  location = {Victoria, British Columbia, Canada},
  pages = {57--66},
  numpages = {10},
  url = {http://doi.acm.org/10.1145/1374376.1374388},
  doi = {10.1145/1374376.1374388},
  acmid = {1374388},
  publisher = {ACM},
  address = {New York, NY, USA},
  keywords = {BGP, distributed algorithmic mechanism design, selfish routing},
}

@inproceedings{
 NetReview,
 author = {Haeberlen, Andreas and Avramopoulos, Ioannis and Rexford, Jennifer and Druschel, Peter},
 title = {NetReview: Detecting when Interdomain Routing Goes Wrong},
 booktitle = {Proceedings of the 6th USENIX Symposium on Networked Systems Design and Implementation},
 series = {NSDI'09},
 year = {2009},
 location = {Boston, Massachusetts},
 pages = {437--452},
 numpages = {16},
 url = {http://dl.acm.org/citation.cfm?id=1558977.1559007},
 acmid = {1559007},
 publisher = {USENIX Association},
 address = {Berkeley, CA, USA},
} 

@inproceedings{
  Attraction,
  author = {Goldberg, Sharon and Halevi, Shai and Jaggard, Aaron D. and Ramachandran, Vijay and Wright, Rebecca N.},
  title = {Rationality and Traffic Attraction: Incentives for Honest Path Announcements in Bgp},
  booktitle = {Proceedings of the ACM SIGCOMM 2008 Conference on Data Communication},
  series = {SIGCOMM '08},
  year = {2008},
  isbn = {978-1-60558-175-0},
  location = {Seattle, WA, USA},
  pages = {267--278},
  numpages = {12},
  url = {http://doi.acm.org/10.1145/1402958.1402989},
  doi = {10.1145/1402958.1402989},
  acmid = {1402989},
  publisher = {ACM},
  address = {New York, NY, USA},
  keywords = {bgp, incentives},
}

@article{
  PartialDeploy,
  author    = {Robert Lychev and
               Sharon Goldberg and
               Michael Schapira},
  title     = {{BGP} Security in Partial Deployment: Is the Juice Worth the Squeeze?},
  journal   = {CoRR},
  volume    = {abs/1307.2690},
  year      = {2013},
  url       = {http://arxiv.org/abs/1307.2690},
  archivePrefix = {arXiv},
  eprint    = {1307.2690},
  timestamp = {Mon, 13 Aug 2018 16:46:21 +0200},
  biburl    = {https://dblp.org/rec/bib/journals/corr/LychevGS13},
  bibsource = {dblp computer science bibliography, https://dblp.org}
}

@inproceedings{
  PolicyPathVector,
  author = {Griffin, Timothy G. and Shepherd, F. Bruce and Wilfong, Gordon},
  title = {Policy Disputes in Path-Vector Protocols},
  booktitle = {Proceedings of the Seventh Annual International Conference on Network Protocols},
  series = {ICNP '99},
  year = {1999},
  isbn = {0-7695-0412-4},
  doi = {10.1109/ICNP.1999.801912},
  publisher = {IEEE},
}

@article{
 GaoRexford,
 author = {Gao, Lixin and Rexford, Jennifer},
 title = {Stable Internet Routing Without Global Coordination},
 journal = {IEEE/ACM Trans. Netw.},
 issue_date = {December 2001},
 volume = {9},
 number = {6},
 month = dec,
 year = {2001},
 issn = {1063-6692},
 pages = {681--692},
 numpages = {12},
 url = {http://dx.doi.org/10.1109/90.974523},
 doi = {10.1109/90.974523},
 acmid = {504612},
 publisher = {IEEE Press},
 address = {Piscataway, NJ, USA},
 keywords = {Border Gateway Protocol (BGP), Internet, convergence, protocols, routing},
} 

@article{
 DataPlane,
 author = {Padmanabhan, Venkata N. and Simon, Daniel R.},
 title = {Secure Traceroute to Detect Faulty or Malicious Routing},
 journal = {SIGCOMM Comput. Commun. Rev.},
 issue_date = {January 2003},
 volume = {33},
 number = {1},
 month = jan,
 year = {2003},
 issn = {0146-4833},
 pages = {77--82},
 numpages = {6},
 url = {http://doi.acm.org/10.1145/774763.774775},
 doi = {10.1145/774763.774775},
 acmid = {774775},
 publisher = {ACM},
 address = {New York, NY, USA},
}

@article{
 StablePaths,
 author = {Griffin, Timothy G. and Shepherd, F. Bruce and Wilfong, Gordon},
 title = {The Stable Paths Problem and Interdomain Routing},
 journal = {IEEE/ACM Trans. Netw.},
 issue_date = {April 2002},
 volume = {10},
 number = {2},
 month = apr,
 year = {2002},
 issn = {1063-6692},
 pages = {232--243},
 numpages = {12},
 url = {https://doi.org/10.1109/90.993304},
 doi = {10.1109/90.993304},
 acmid = {508332},
 publisher = {IEEE Press},
 address = {Piscataway, NJ, USA},
 keywords = {BGP, Border Gateway Protocol, interdomain routing, internet routing, path vector protocols, stable routing},
} 


@book{
  AgtBookDistributed,
  author = {Feigenbaum, Joan and Schapira, Michael and Shenker, Scott},
  title = {Algorithmic Game Theory, chapter Distributed Algorithmic Mechanism Design},
  publisher = {Cambridge University Press},
  year = {2007},
}
