
@inproceedings{
  RoutingGames,
  author = {Levin, Hagay and Schapira, Michael and Zohar, Aviv},
  title = {Interdomain Routing and Games},
  booktitle = {Proceedings of the Fortieth Annual ACM Symposium on Theory of Computing},
  series = {STOC '08},
  year = {2008},
  isbn = {978-1-60558-047-0},
  location = {Victoria, British Columbia, Canada},
  pages = {57--66},
  numpages = {10},
  url = {http://doi.acm.org/10.1145/1374376.1374388},
  doi = {10.1145/1374376.1374388},
  acmid = {1374388},
  publisher = {ACM},
  address = {New York, NY, USA},
  keywords = {BGP, distributed algorithmic mechanism design, selfish routing},
}

@inproceedings{
  Attraction,
  author = {Goldberg, Sharon and Halevi, Shai and Jaggard, Aaron D. and Ramachandran, Vijay and Wright, Rebecca N.},
  title = {Rationality and Traffic Attraction: Incentives for Honest Path Announcements in Bgp},
  booktitle = {Proceedings of the ACM SIGCOMM 2008 Conference on Data Communication},
  series = {SIGCOMM '08},
  year = {2008},
  isbn = {978-1-60558-175-0},
  location = {Seattle, WA, USA},
  pages = {267--278},
  numpages = {12},
  url = {http://doi.acm.org/10.1145/1402958.1402989},
  doi = {10.1145/1402958.1402989},
  acmid = {1402989},
  publisher = {ACM},
  address = {New York, NY, USA},
  keywords = {bgp, incentives},
}
